@inproceedings{kour2014real,
  title={Real-time segmentation of on-line handwritten arabic script},
  author={Kour, George and Saabne, Raid},
  booktitle={Frontiers in Handwriting Recognition (ICFHR), 2014 14th International Conference on},
  pages={417--422},
  year={2014},
  organization={IEEE}
}

@inproceedings{kour2014fast,
  title={Fast classification of handwritten on-line Arabic characters},
  author={Kour, George and Saabne, Raid},
  booktitle={Soft Computing and Pattern Recognition (SoCPaR), 2014 6th International Conference of},
  pages={312--318},
  year={2014},
  organization={IEEE}
}

@article{hadash2018estimate,
  title={Estimate and Replace: A Novel Approach to Integrating Deep Neural Networks with Existing Applications},
  author={Hadash, Guy and Kermany, Einat and Carmeli, Boaz and Lavi, Ofer and Kour, George and Jacovi, Alon},
  journal={arXiv preprint arXiv:1804.09028},
  year={2018}
}

@article{RN727,
   author = {Zhang, Fangfang and Mei, Yi and Nguyen, Su and Zhang, Mengjie},
   title = {Survey on Genetic Programming and Machine Learning Techniques for Heuristic Design in Job Shop Scheduling},
   journal = {IEEE Transactions on Evolutionary Computation},
   pages = {1-1},
   ISSN = {1089-778X 1089-778X 1941-0026},
   DOI = {10.1109/tevc.2023.3255246},
   year = {2023},
   type = {Journal Article}
}
